% Encoding: UTF-8

@Article{GuiraoGoris2008,
  author  = {Guirao-Goris, J. and Olmedo, A. and Ferrer, E.},
  journal = {Revista Iberoamericana de Enfermer\'ia Comunitaria},
  title   = {El art\'iculo de revisi\'on},
  year    = {2008},
  pages   = {1-22},
  volume  = {1(6)},
}

@Article{Kaushik2012,
  author  = {Kaushik, A.},
  journal = {Brazilian Journal of Information Science},
  title   = {Avalia{\c c}{\~a} de recursos da internet: uma revis{\c c}{\~a}o de literatura selecionada},
  year    = {2012},
  pages   = {65-88},
  volume  = {6(2)},
}

@MastersThesis{Paiva2007,
  author  = {Paiva, A.},
  school  = {Universidad Aberta},
  title   = {A internet na forma{\c c}{\~a}o inicial de professores: um estudo em pesquisa de informa{\c c}{\~a}o (Disserta{\c c}{\~a}o de Mestrado em Comunica{\c c}{\~a}o Educacional Multimedia)},
  year    = {2007},
  address = {Lisboa.},
}

@Article{Avello2013,
  author  = {Avello, R. and Mar\'in, I. and D\'iaz, M., and Clavero, M},
  journal = {Did\'actica, Innovaci\'on y Multimedia},
  title   = {Zotero, m\'as all\'a de un gestor bibliogr\'afico: Una experiencia con los docentes y nuevas metas.},
  year    = {2013},
  pages   = {1-13},
  volume  = {9(25)},
}

@Article{Naranjo2010,
  author  = {Naranjo, Edilma},
  journal = {Informaci\'on, cultura y sociedad},
  title   = {Uso de los sistemas de informaci\'on documental en la educaci\'on superior: estado del arte},
  year    = {2010},
  month   = {06},
  pages   = {11-42},
}

@Book{Libertador2011,
  author    = {Universidad Pedag\'ogica Experimental Libertador},
  editor    = {FEDUPEL},
  publisher = {Universidad Pedag\'ogica Experimental Libertador},
  title     = {Manual de trabajos de grado y especializaci\'on y maestr\'ia y tesis doctorales.},
  year      = {2011},
  address   = {Caracas},
  edition   = {4ta ed.},
}

@Article{Molina2005,
  author  = {Molina Montoya NP},
  journal = {Cienc Tecnol Salud Vis Ocul.},
  title   = {?`Qu\'e es el estado del arte?},
  year    = {2005},
  pages   = {73-75},
  doi     = {doi: https://doi.org/10.19052/sv.1666},
}

@Article{Arteaga2005,
  author  = {Reinaldo Arteaga Estévez and Marcia Nancy Figueroa Sierra},
  journal = {Instituto Superior Pedag\'ogico “Rafael M. de Mendive” de Pinar del R\'io},
  title   = {La gu\'ia did\'actica: sugerencias para su elaboraci\'on y utilizaci\'on},
  year    = {2005},
  doi     = {doi: https://doi.org/10.19052/sv.1666},
}

@Misc{Hurtado2006,
  author       = {Jacqueline Barrera de Hurtado},
  howpublished = {\href{https://ayudacontextos.files.wordpress.com/2018/04/jacqueline-hurtado-de-barrera-metodologia-de-investigacion-holistica.pdf}{Moteodologia de Informacion Documentl}},
  title        = {Metodolog\'ia de Investigaci\'on Hol\'istica},
}

@Article{VeraCarrasco2009,
  author    = {Vera Carrasco, Oscar},
  journal   = {{Revista M\'edica La Paz}},
  title     = {C\'omo Escribir Art\'iculos De Revisi\'on},
  year      = {2009},
  issn      = {1726-8958},
  month     = {00},
  pages     = {63 - 69},
  volume    = {15},
  language  = {es},
  publisher = {scielobo},
  url       = {http://www.scielo.org.bo/scielo.php?script=sci_arttext&pid=S1726-89582009000100010&nrm=iso},
}

@Electronic{CueBrugueras2008,
  author       = {Cu\'e Brugueras, Manuel and D\'iaz Alonso, Guillermo and D\'iaz Mart\'inez, Ana Gloria, and Vald\'es Abreu, Manuela de la C.},
  howpublished = {Revista Cubana de Salud P\'ublica},
  language     = {es},
  month        = dec,
  organization = {Revista Cubana de Salud P\'ublica},
  title        = {El art\'iculo de revisi\'on},
  url          = {http://scielo.sld.cu/scielo.php?script=sci_arttext&pid=S0864-34662008000400011&lng=es&nrm=iso},
  year         = {2008},
}

@Book{Day2005,
  author    = {Robert A. Day},
  publisher = {Organizaci\'on Panamericana de la Salud},
  title     = {C\'omo escribir y publicar trabajos cient\'ificos},
  year      = {2005},
  issn      = {ISBN: 92 75 31598 1},
  url       = {https://www3.paho.org/hq/index.php?option=com_content&view=article&id=2234:2010-como-escribir-publicar-trabajos-cientificos&Itemid=1894&lang=es},
}

@Article{Fernandez2001,
  author  = {Fern\'andez, E. and Borrell, C. and Plas\'encia, A.},
  journal = {Gaceta Sanitaria.},
  title   = {El valor de las revisiones y el valor de Revisiones},
  year    = {2001},
  number  = {1-2.},
  volume  = {15, sup 4, 1-2.},
}

@Article{Squires1989,
  author    = {Squires, B. P.},
  journal   = {CMAJ},
  title     = {Biomedical manuscripts: what editors want from authors and peer reviewers},
  year      = {1989},
  issn      = {0820-3946},
  number    = {1},
  pages     = {17--19},
  volume    = {141},
  eprint    = {https://www.cmaj.ca/content},
  publisher = {CMAJ},
  url       = {https://www.cmaj.ca/content/141/1/17},
}

@Book{Eco2014,
  author    = {Umberto Eco},
  editor    = {Editorial GEDISA},
  publisher = {GEDISA},
  title     = {C\'omo se hace una Tesis},
  year      = {2014},
}

@Comment{jabref-meta: databaseType:bibtex;}
